/* ################################################################ */
/* Quality Assessment */
/* ################################################################ */

@article{text_pict_weight_2017,
    title={Objective quality assessment of screen content images by uncertainty weighting},
    author={Fang, Yuming and Yan, Jiebin and Liu, Jiaying and Wang, Shiqi and Li, Qiaohong and Guo, Zongming},
    journal={IEEE Transactions on Image Processing},
    volume={26},
    number={4},
    pages={2016--2027},
    year={2017},
    publisher={IEEE},
    url = {https://ieeexplore.ieee.org/document/7857067}
}

@article{3_subj_weight_2015,
    title={Perceptual quality assessment of screen content images},
    author={Yang, Huan and Fang, Yuming and Lin, Weisi},
    journal={IEEE Transactions on Image Processing},
    volume={24},
    number={11},
    pages={4408--4421},
    year={2015},
    publisher={IEEE},
    url={http://sim.jxufe.cn/JDMKL/pdf/Perceptual\%20quality\%20assessment\%20of\%20screen\%20content\%20images.pdf}
}

@inproceedings{ocr_cnn_docu_2014,
    title={A deep learning approach to document image quality assessment},
    author={Kang, Le and Ye, Peng and Li, Yi and Doermann, David},
    booktitle={2014 IEEE International Conference on Image Processing (ICIP)},
    pages={2570--2574},
    year={2014},
    organization={IEEE},
    url={https://projet.liris.cnrs.fr/imagine/pub/proceedings/ICIP-2014/Papers/1569912503.pdf}
}

@article{doc_quality_survey_2023,
  title={Document Image Quality Assessment: A Survey},
  author={Alaei, Alireza and Bui, Vinh and Doermann, David and Pal, Umapada},
  journal={ACM Computing Surveys},
  year={2023},
  publisher={ACM New York, NY},
  url={https://dl.acm.org/doi/pdf/10.1145/3606692}
}

@article{state_of_the_art_scciqa,
author = {Gu, Ke and Wang, Shiqi and Zhai, Gaohong and Ma, Siwei and Lin, Weisi},
year = {2015},
month = {07},
pages = {125-128},
title = {Screen image quality assessment incorporating structural degradation measurement},
volume = {2015},
doi = {10.1109/ISCAS.2015.7168586},
url = {https://www.researchgate.net/publication/285429613_Screen_image_quality_assessment_incorporating_structural_degradation_measurement}
}

@article{iqa_sci_gabor_2018,
  title={A Gabor feature-based quality assessment model for the screen content images},
  author={Ni, Zhangkai and Zeng, Huanqiang and Ma, Lin and Hou, Junhui and Chen, Jing and Ma, Kai-Kuang},
  journal={IEEE Transactions on Image Processing},
  volume={27},
  number={9},
  pages={4516--4528},
  year={2018},
  publisher={IEEE},
  url={https://forestlinma.com/welcome_files/zkni_TIP_2018.pdf}
}

/* ################################################################ */
/* Dataset */
/* ################################################################ */

@article{ni_esim_2017,
    title = {{ESIM}: {Edge} {Similarity} for {Screen} {Content} {Image} {Quality} {Assessment}},
    volume = {26},
    issn = {1057-7149, 1941-0042},
    shorttitle = {{ESIM}},
    doi = {10.1109/TIP.2017.2718185},
    abstract = {In this paper, an accurate full-reference image quality assessment (IQA) model developed for assessing screen content images (SCIs), called the edge similarity (ESIM), is proposed. It is inspired by the fact that the human visual system (HVS) is highly sensitive to edges that are often encountered in SCIs; therefore, essential edge features are extracted and exploited for conducting IQA for the SCIs. The key novelty of the proposed ESIM lies in the extraction and use of three salient edge features—i.e., edge contrast, edge width, and edge direction. The ﬁrst two attributes are simultaneously generated from the input SCI based on a parametric edge model, while the last one is derived directly from the input SCI. The extraction of these three features will be performed for the reference SCI and the distorted SCI, individually. The degree of similarity measured for each above-mentioned edge attribute is then computed independently, followed by combining them together using our proposed edge-width pooling strategy to generate the ﬁnal ESIM score. To conduct the performance evaluation of our proposed ESIM model, a new and the largest SCI database (denoted as SCID) is established in our work and made to the public for download. Our database contains 1800 distorted SCIs that are generated from 40 reference SCIs. For each SCI, nine distortion types are investigated, and ﬁve degradation levels are produced for each distortion type. Extensive simulation results have clearly shown that the proposed ESIM model is more consistent with the perception of the HVS on the evaluation of distorted SCIs than the multiple state-of-the-art IQA methods.},
    language = {en},
    number = {10},
    urldate = {2023-03-09},
    journal = {IEEE Transactions on Image Processing},
    author = {Ni, Zhangkai and Ma, Lin and Zeng, Huanqiang and Chen, Jing and Cai, Canhui and Ma, Kai-Kuang},
    month = oct,
    year = {2017},
    pages = {4818--4831},
    url = {http://ieeexplore.ieee.org/document/7954714/}
}


@INPROCEEDINGS{ni_scid_2017,
  author={Ni, Zhangkai and Ma, Lin and Zeng, Huanqiang and Fu, Ying and Xing, Lu and Ma, Kai-Kuang},
  booktitle={2017 International Symposium on Intelligent Signal Processing and Communication Systems (ISPACS)}, 
  title={SCID: A database for screen content images quality assessment}, 
  year={2017},
  volume={},
  number={},
  pages={774-779},
  doi={10.1109/ISPACS.2017.8266580},
  url={https://eezkni.github.io/publications/conference/SCID/SCID\_ZKNI\_ISPACS17.pdf}
}

@article{iqa_survey_2020,
    title={Perceptual image quality assessment: a survey},
    author={Zhai, Guangtao and Min, Xiongkuo},
    journal={Science China Information Sciences},
    volume={63},
    pages={1--52},
    year={2020},
    publisher={Springer},
    url={https://www.researchgate.net/profile/Guangtao-Zhai/publication/341011181_Perceptual_image_quality_assessment_a_survey/links/61812d24a767a03c14e3d754/Perceptual-image-quality-assessment-a-survey.pdf}
}

@Article{iqa_database_2023,
AUTHOR = {Ruikar, Jayesh and Chaudhury, Saurabh},
TITLE = {NITS-IQA Database: A New Image Quality Assessment Database},
JOURNAL = {Sensors},
VOLUME = {23},
YEAR = {2023},
NUMBER = {4},
ARTICLE-NUMBER = {2279},
URL = {https://www.mdpi.com/1424-8220/23/4/2279},
PubMedID = {36850877},
ISSN = {1424-8220},
ABSTRACT = {This paper describes a newly-created image database termed as the NITS-IQA database for image quality assessment (IQA). In spite of recently developed IQA databases, which contain a collection of a huge number of images and type of distortions, there is still a lack of new distortion and use of real natural images taken by the camera. The NITS-IQA database contains total 414 images, including 405 distorted images (nine types of distortion with five levels in each of the distortion type) and nine original images. In this paper, a detailed step by step description of the database development along with the procedure of the subjective test experiment is explained. The subjective test experiment is carried out in order to obtain the individual opinion score of the quality of the images presented before them. The mean opinion score (MOS) is obtained from the individual opinion score. In this paper, the Pearson, Spearman and Kendall rank correlation between a state-of-the-art IQA technique and the MOS are analyzed and presented.},
DOI = {10.3390/s23042279},
url = {https://www.ncbi.nlm.nih.gov/pmc/articles/PMC9959275/}
}

/* ################################################################ */
/* Codecs */
/* ################################################################ */
@article{hevc_2012,
  title={Overview of the high efficiency video coding (HEVC) standard},
  author={Sullivan, Gary J and Ohm, Jens-Rainer and Han, Woo-Jin and Wiegand, Thomas},
  journal={IEEE Transactions on circuits and systems for video technology},
  volume={22},
  number={12},
  pages={1649--1668},
  year={2012},
  publisher={IEEE},
  url = {https://ieeexplore.ieee.org/iel5/76/4358651/06316136.pdf}
}

@article{hevc_scc_2015,
  title={Overview of the emerging HEVC screen content coding extension},
  author={Xu, Jizheng and Joshi, Rajan and Cohen, Robert A},
  journal={IEEE Transactions on Circuits and Systems for Video Technology},
  volume={26},
  number={1},
  pages={50--62},
  year={2015},
  publisher={IEEE},
  url={https://merl.com/publications/docs/TR2015-126.pdf}
}

@article{vvc_2021,
  title={Overview of the versatile video coding (VVC) standard and its applications},
  author={Bross, Benjamin and Wang, Ye-Kui and Ye, Yan and Liu, Shan and Chen, Jianle and Sullivan, Gary J and Ohm, Jens-Rainer},
  journal={IEEE Transactions on Circuits and Systems for Video Technology},
  volume={31},
  number={10},
  pages={3736--3764},
  year={2021},
  publisher={IEEE},
  url = {https://ieeexplore.ieee.org/iel7/76/4358651/09503377.pdf}
}

@Electronic{vvc_software_2022,
  author       = {{Joint Video Experts Team (JVET)}},
  title        = {{VVC} test model Reference Software ({VTM})},
  howpublished = {\url{https://vcgit.hhi.fraunhofer.de/jvet/VVCSoftware_VTM}},
  note        = {[accessed 2023-02-20]},
}

@Electronic{hevc_software_2020,
  author       = {{Joint Collaborative Team on Video Coding}},
  title        = {{HEVC} test model Reference Software ({HM})},
  note         = {[accessed 2023-02-20]},
  howpublished = {https://hevc.hhi.fraunhofer.de/},
}

# VVC SCC + Standard (RGB444)
@TechReport{config_vvc_both_2020,
  author      = {Y. Chao and Y. Sun and J. Xu and X. Xu},
  title       = {{JVET} common test conditions and software reference configurations for non-4:2:0 colour formats},
  date        = {2020},
  institution = {Joint Video Exploration Team (JVET) of ITU-T SG 16 WP 3 and ISO/IEC JTC 1/SC 29/WG 11},
  type        = {{AHG Report, JVET-R2013}},
}
# HEVC Standard -> weiß gerade nicht sicher ob dass passt. Weil wir ja RGB4:4:4 Daten nehmen und nicht YUV4:2:0
@TechReport{config_hevc_2013,
  author       = {Bossen, F.},
  title        = {JCTVC-L1100: Common test conditions and software reference configurations},
  institution  = {Joint Collaborative Team on Video Coding (JCT-VC) of ITU-T SG16 WP3 and ISO/IEC JTC1/SC29/WG11},
  address      = {Geneva, Switzerland},
  month        = {Jan.},
  organization = {ITU-T VCEG and ISO/IEC MPEG (JCT-VC)},
  timestamp    = {2016.04.14},
  year         = {2013},
}
# HEVC SCC
@TechReport{config_hevc_scc_2015,
  author       = {Bossen, F.},
  title        = {JCTVC-U1015-r2: Common test conditions for screen content coding},
  institution  = {Joint Collaborative Team on Video Coding (JCT-VC) of ITU-T SG16 WP3 and ISO/IEC JTC1/SC29/WG11},
  address      = {Warsaw, Poland},
  month        = {June},
  organization = {ITU-T VCEG and ISO/IEC MPEG (JCT-VC)},
  year         = {2015},
}

@ARTICLE{ultra_low_bitrate_2022,
  author={Tang, Tong and Li, Ling and Wu, Xiaoyu and Chen, Ruizhi and Li, Haochen and Lu, Guo and Cheng, Limin},
  journal={IEEE Transactions on Image Processing}, 
  title={TSA-SCC: Text Semantic-Aware Screen Content Coding With Ultra Low Bitrate}, 
  year={2022},
  volume={31},
  number={},
  pages={2463-2477},
  doi={10.1109/TIP.2022.3152003},
  url={https://ieeexplore.ieee.org/document/9720120}
}

/* ################################################################ */
/* OCR */
/* ################################################################ */

@INPROCEEDINGS{tesseract_legacy_2007,
    author={Smith, R.},
    booktitle={Ninth International Conference on Document Analysis and Recognition (ICDAR 2007)}, 
    title={An Overview of the Tesseract OCR Engine}, 
    year={2007},
    volume={2},
    number={},
    pages={629-633},
    doi={10.1109/ICDAR.2007.4376991},
    url={https://ieeexplore.ieee.org/document/4376991}
}

@misc{pytesseract_2022,
    title = {Pytesseract},
    author = {Hoffstaetter, Samuel and Bochi,Juarez and Lee, Matthias and Kistner, Lars and Mitchell, Ryan and Cecchini, Emilio and Hagen, John and Morawiec, Darius and Bedada, Eddie and Akyüz, Uğurcan},
    year = {2022},
    publisher = {GitHub},
    journal = {GitHub repository},
    howpublished = {\url{https://github.com/madmaze/pytesseract}},
    note = {[accessed 2023-01-20]},
}

@misc{tesseract_github_2023,
    title = {Tesseract OCR},
    author = {Weil, Stefan and Smith, Ray and Zdenko, Podobny},
    year = {2023},
    publisher = {GitHub},
    journal = {GitHub repository},
    howpublished = {\url{https://github.com/tesseract-ocr/tesseract}},
    note = {[accessed 2023-01-20]},
}

@misc{tesseract_architecture_2016,
    title = {Tesseract Blends Old and New OCR Technology},
    author = {Smith, Ray},
    year = {2016},
    publisher = {Google, Inc.},
    journal = {Document Analysis Systems},
    howpublished = {\url{https://tesseract-ocr.github.io/docs/das_tutorial2016/2ArchitectureAndDataStructures.pdf}},
    note = {[accessed 2023-07-20]},
}

@misc{easyocr_gitub_2020,
    title = {Easyocr},
    author = {JaidedAI},
    year = {2023},
    publisher = {GitHub},
    journal = {GitHub repository},
    howpublished = {\url{https://github.com/JaidedAI/EasyOCR}},
    note = {[accessed 2023-01-20]},
}


@inproceedings{craft_2019,
  title={Character region awareness for text detection},
  author={Baek, Youngmin and Lee, Bado and Han, Dongyoon and Yun, Sangdoo and Lee, Hwalsuk},
  booktitle={Proceedings of the IEEE/CVF conference on computer vision and pattern recognition},
  pages={9365--9374},
  year={2019},
  url={https://arxiv.org/pdf/1904.01941.pdf}
}



@article{crnn_2015,
  author       = {Baoguang Shi and
                  Xiang Bai and
                  Cong Yao},
  title        = {An End-to-End Trainable Neural Network for Image-based Sequence Recognition
                  and Its Application to Scene Text Recognition},
  journal      = {CoRR},
  volume       = {abs/1507.05717},
  year         = {2015},
  url          = {http://arxiv.org/abs/1507.05717},
  eprinttype    = {arXiv},
  eprint       = {1507.05717},
  timestamp    = {Mon, 13 Aug 2018 16:48:09 +0200},
  biburl       = {https://dblp.org/rec/journals/corr/ShiBY15.bib},
  bibsource    = {dblp computer science bibliography, https://dblp.org}
}

@misc{ocr_survey_2017,
    title={A Survey on Optical Character Recognition System}, 
    author={Noman Islam and Zeeshan Islam and Nazia Noor},
    year={2017},
    eprint={1710.05703},
    archivePrefix={arXiv},
    primaryClass={cs.CV},
    url={https://arxiv.org/abs/1710.05703}
}

@article{ocr_appl_survey_2014,
  title={An overview and applications of optical character recognition},
  author={Asif, AMAM and Hannan, Shaikh Abdul and Perwej, Yusuf and Vithalrao, Mane Arjun},
  journal={Int. J. Adv. Res. Sci. Eng},
  volume={3},
  number={7},
  pages={261--274},
  year={2014}
}

@article{ocr_appl_survey_2016,
  title={A detailed analysis of optical character recognition technology},
  author={Hamad, Karez and Mehmet, Kaya},
  journal={International Journal of Applied Mathematics Electronics and Computers},
  number={Special Issue-1},
  pages={244--249},
  year={2016},
  publisher={Selcuk University},
  url={https://dergipark.org.tr/en/download/article-file/236939}
}

@article{ocr_survey_lstms_2013,
  title={Optical character recognition techniques: a survey},
  author={Singh, Sukhpreet},
  journal={Journal of emerging Trends in Computing and information Sciences},
  volume={4},
  number={6},
  year={2013},
  publisher={Citeseer},
  url = {https://citeseerx.ist.psu.edu/document?repid=rep1&type=pdf&doi=375e6f94bb9039f3df4fa2a625f11ac59db3629f}
}

@article{ocr_calamari_2018,
  title={Calamari-a high-performance tensorflow-based deep learning package for optical character recognition},
  author={Wick, Christoph and Reul, Christian and Puppe, Frank},
  journal={arXiv preprint arXiv:1807.02004},
  year={2018},
  url = {https://arxiv.org/ftp/arxiv/papers/1807/1807.02004.pdf}
}

@inproceedings{ocr_improved_deep_2018,
  title={Improved optical character recognition with deep neural network},
  author={Wei, Tan Chiang and Sheikh, UU and Ab Rahman, Ab Al-Hadi},
  booktitle={2018 IEEE 14th International Colloquium on Signal Processing \& Its Applications (CSPA)},
  pages={245--249},
  year={2018},
  organization={IEEE},
  url = {https://ieeexplore.ieee.org/document/8368720}
}

@inproceedings{ocr_tess_vs_easyocr_2022,
  title={Comparative Analysis of EasyOCR and TesseractOCR for Automatic License Plate Recognition using Deep Learning Algorithm},
  author={Vedhaviyassh, DR and Sudhan, R and Saranya, G and Safa, M and Arun, D},
  booktitle={2022 6th International Conference on Electronics, Communication and Aerospace Technology},
  pages={966--971},
  year={2022},
  organization={IEEE},
  url = {https://ieeexplore.ieee.org/abstract/document/10009215/}
}

/* Metrics */
/* ################################################################ */
@inproceedings{PSNRvsSSIM_2010,
    title={Image quality metrics: PSNR vs. SSIM},
    author={Hore, Alain and Ziou, Djemel},
    booktitle={2010 20th international conference on pattern recognition},
    pages={2366--2369},
    year={2010},
    organization={IEEE},
    url={https://projet.liris.cnrs.fr/imagine/pub/proceedings/ICPR-2010/data/4109c366.pdf}
}

@article{SSIM_2004,
  title={Image quality assessment: from error visibility to structural similarity},
  author={Wang, Zhou and Bovik, Alan C and Sheikh, Hamid R and Simoncelli, Eero P},
  journal={IEEE transactions on image processing},
  volume={13},
  number={4},
  pages={600--612},
  year={2004},
  publisher={IEEE},
  url={https://ece.uwaterloo.ca/~z70wang/publications/ssim.pdf}
}

@inproceedings{ms_ssim_2003,
  title={Multiscale structural similarity for image quality assessment},
  author={Wang, Zhou and Simoncelli, Eero P and Bovik, Alan C},
  booktitle={The Thrity-Seventh Asilomar Conference on Signals, Systems \& Computers, 2003},
  volume={2},
  pages={1398--1402},
  year={2003},
  organization={Ieee},
  url={https://utw10503.utweb.utexas.edu/publications/2003/zw_asil2003_msssim.pdf}
}

@ARTICLE{fsim_2011,
  author={Zhang, Lin and Zhang, Lei and Mou, Xuanqin and Zhang, David},
  journal={IEEE Transactions on Image Processing}, 
  title={FSIM: A Feature Similarity Index for Image Quality Assessment}, 
  year={2011},
  volume={20},
  number={8},
  pages={2378-2386},
  doi={10.1109/TIP.2011.2109730},
  url={https://ieeexplore.ieee.org/document/5705575}
}

@article{frmetric_comp_2012,
  title={A comprehensive evaluation of full reference image quality assessment algorithms},
  author={Lin Zhang and Lei Zhang and Xuanqin Mou and David Zhang},
  journal={2012 19th IEEE International Conference on Image Processing},
  year={2012},
  pages={1477-1480},
  url={http://www4.comp.polyu.edu.hk/~cslzhang/paper/conf/ICIP12.pdf}
}

@inproceedings{bdrate_beyond_2022,
    title={Beyond Bj{\o}ntegaard: Limits of Video Compression Performance Comparisons},
    author={Herglotz, Christian and Kr{\"a}nzler, Matthias and Mons, Ruben and Kaup, Andr{\'e}},
    booktitle={2022 IEEE International Conference on Image Processing (ICIP)},
    pages={46--50},
    year={2022},
    organization={IEEE},
    url={https://arxiv.org/pdf/2202.12565.pdf}
}

@article{bdrate_original_2001,
    title={Calculation of average PSNR differences between RD-curves},
    author={Bjontegaard, Gisle},
    journal={ITU SG16 Doc. VCEG-M33},
    year={2001}
}

@article{pears_spear_2016,
    author = {de Winter, Joost and Gosling, Samuel and Potter, J.},
    year = {2016},
    month = sep,
    pages = {273-290},
    title = {Comparing the pearson and spearman correlation coefficients across distributions and sample sizes: A tutorial using simulations and empirical data},
    volume = {21},
    journal = {Psychological Methods},
    doi = {10.1037/met0000079.supp},
    url = {https://gwern.net/doc/statistics/order/2016-dewinter.pdf}
}

@INPROCEEDINGS{mos_dmos_1993,
    author={Thorpe, L.A. and Shelton, B.R.},
    booktitle={Proceedings., IEEE Workshop on Speech Coding for Telecommunications,}, 
    title={Subjective Test Methodology: MOS vs. DMOS in Evaluation of Speech Coding Algorithms}, 
    year={1993},
    volume={},
    number={},
    pages={73-74},
    doi={10.1109/SCFT.1993.762345},
    url={https://ieeexplore.ieee.org/document/762345}
}

@article{cer_2022,
    author = {Singkhornart, Thanadol and Surinta, Olarik},
    year = {2022},
    month = {06},
    pages = {647-655},
    title = {Multi-Language Video Subtitle Recognition with Convolutional Neural Network and Long Short-Term Memory Networks},
    volume = {16},
    journal = {ICIC Express Letters},
    doi = {10.24507/icicel.16.06.647},
    url = {http://www.icicel.org/ell/contents/2022/6/el-16-06-10.pdf}
}

@misc{iqa_survey_2021,
    title={A survey on IQA}, 
    author={Lanjiang Wang},
    year={2022},
    eprint={2109.00347},
    archivePrefix={arXiv},
    primaryClass={eess.IV},
    url={https://arxiv.org/pdf/2109.00347.pdf}
}

/* Other
/* ################################################################ */

@inproceedings{nonlin_fit_original_2003,
    author = {Video Quality Experts Group (VQEG)},
    year = {2003},
    title = {Final Report From the Video Quality Experts Group on the Validation of Objective Models of Video Quality Assessment},
    url = {https://vqeg.org/VQEGSharedFiles/Publications/Validation_Tests/FRTV_Phase2/FRTV_Phase2_Final_Report.pdf}
}

@inproceedings{nonlin_fit_model_init_2000,
    author = {Rohaly, Ann and Corriveau, Philip and Libert, John and Webster, Arthur and Baroncini, Vittorio and Beerends, John and Blin, Jean-Louis and Contin, Laura and Hamada, Takahiro and Harrison, David and Hekstra, Andries and Lubin, Jeffrey and Nishida, Yukihiro and Nishihara, Ricardo and Pearson, John and Pessoa, Antonio and Pickford, Neil and Schertz, Alexander and Visca, Massimo and Winkler, Stefan},
    year = {2000},
    month = {05},
    pages = {742-753},
    title = {Video Quality Experts Group: current results and future directions},
    volume = {4067},
    doi = {10.1117/12.386632},
    url = {https://www.researchgate.net/publication/221458323_Video_Quality_Experts_Group_current_results_and_future_directions}
}

@ARTICLE{nonlin_fit_new_model_2006,
    author={Sheikh, H.R. and Sabir, M.F. and Bovik, A.C.},
    journal={IEEE Transactions on Image Processing}, 
    title={A Statistical Evaluation of Recent Full Reference Image Quality Assessment Algorithms}, 
    year={2006},
    volume={15},
    number={11},
    pages={3440-3451},
    doi={10.1109/TIP.2006.881959},
    url={https://live.ece.utexas.edu/publications/2006/hrs-transIP-06.pdf}
}


@inproceedings{nonlin_fit_appl_2017,
    doi = {10.1145/3123266.3123322},
    year = 2017,
    month = oct,
    publisher = {{ACM}},
    author = {Dingquan Li and Tingting Jiang and Ming Jiang},
    title = {Exploiting High-Level Semantics for No-Reference Image Quality Assessment of Realistic Blur Images},
    booktitle = {Proceedings of the 25th {ACM} international conference on Multimedia},
    url = {https://arxiv.org/pdf/1810.08169.pdf}
}

@ARTICLE{nonlin_fit_appl_2018,
    author={Fang, Yuming and Yan, Jiebin and Liu, Jiaying and Wang, Shiqi and Li, Qiaohong and Guo, Zongming},
    journal={IEEE Transactions on Image Processing}, 
    title={Objective Quality Assessment of Screen Content Images by Uncertainty Weighting}, 
    year={2017},
    volume={26},
    number={4},
    pages={2016-2027},
    doi={10.1109/TIP.2017.2669840},
    url = {https://ieeexplore.ieee.org/document/7857067}
}

@misc{nonlin_fit_appl_2014,
    title={Subjective and Objective Quality Assessment of Image: A Survey}, 
    author={Pedram Mohammadi and Abbas Ebrahimi-Moghadam and Shahram Shirani},
    year={2014},
    eprint={1406.7799},
    archivePrefix={arXiv},
    primaryClass={cs.MM},
    url={https://arxiv.org/ftp/arxiv/papers/1406/1406.7799.pdf}
}


@ARTICLE{nonlin_fit_appl_2015,
  author={Pei, Soo-Chang and Chen, Li-Heng},
  journal={IEEE Transactions on Image Processing}, 
  title={Image Quality Assessment Using Human Visual DOG Model Fused With Random Forest}, 
  year={2015},
  volume={24},
  number={11},
  pages={3282-3292},
  doi={10.1109/TIP.2015.2440172},
  url={https://ieeexplore.ieee.org/abstract/document/7115917}
}


@article{nonlin_fit_appl_2016,
  title={Full-reference image quality assessment with linear combination of genetically selected quality measures},
  author={Oszust, Mariusz},
  journal={PloS one},
  volume={11},
  number={6},
  pages={e0158333},
  year={2016},
  publisher={Public Library of Science San Francisco, CA USA},
  url={https://www.ncbi.nlm.nih.gov/pmc/articles/PMC4920377/}
}

@article{nonlin_fit_init_proof_2017,
  title={MDID: A multiply distorted image database for image quality assessment},
  author={Sun, Wen and Zhou, Fei and Liao, Qingmin},
  journal={Pattern Recognition},
  volume={61},
  pages={153--168},
  year={2017},
  publisher={Elsevier},
  url={https://www.sciencedirect.com/science/article/abs/pii/S0031320316301911?via\%3Dihub}
}


@InProceedings{least_squares_1978,
author="Mor{\'e}, Jorge J.",
editor="Watson, G. A.",
title="The Levenberg-Marquardt algorithm: Implementation and theory",
booktitle="Numerical Analysis",
year="1978",
publisher="Springer Berlin Heidelberg",
address="Berlin, Heidelberg",
pages="105--116",
isbn="978-3-540-35972-2",
url={https://www.osti.gov/servlets/purl/7256021}
}
